@misc{neuronpedia,
    title = {Neuronpedia: Interactive Reference and Tooling for Analyzing Neural Networks with Sparse Autoencoders},
    year = {2023},
    note = {Software available from neuronpedia.org},
    url = {https://www.neuronpedia.org},
    author = {Lin, Johnny and Bloom, Joseph}
}
@misc{marks2024,
      title={Sparse Feature Circuits: Discovering and Editing Interpretable Causal Graphs in Language Models}, 
      author={Samuel Marks and Can Rager and Eric J. Michaud and Yonatan Belinkov and David Bau and Aaron Mueller},
      year={2024},
      eprint={2403.19647},
      archivePrefix={arXiv},
      primaryClass={cs.LG},
      url={https://arxiv.org/abs/2403.19647}, 
}
